@Article{librsb,
  author    = {Michele Martone and
               Salvatore Filippone and
               Salvatore Tucci and
               Marcin Paprzycki and
               Maria Ganzha},
  title     = {Utilizing Recursive Storage in Sparse Matrix-Vector Multiplication
               - Preliminary Considerations},
  journal = {Online},
  booktitle = {Proceedings of the {ISCA} 25th International Conference on Computers
               and Their Applications, {CATA} 2010, March 24-26, 2010, Sheraton Waikiki
               Hotel, Honolulu, Hawaii, {USA}},
  pages     = {300--305},
  year      = {2010},
  timestamp = {Mon, 14 Nov 2011 12:39:44 +0100},
  biburl    = {https://dblp.org/rec/bib/conf/cata/MartoneFTPG10},
  bibsource = {dblp computer science bibliography, https://dblp.org}
}

@Article{blackford2002updated, 
  title={An updated set of basic linear algebra subprograms (BLAS)}, 
  author={Blackford, L Susan and Petitet, Antoine and Pozo, Roldan and Remington, Karin and Whaley, R Clint and Demmel, James and Dongarra, Jack and Duff, Iain and Hammarling, Sven and Henry, Greg and others}, 
  journal={ACM Transactions on Mathematical Software}, 
  volume={28}, 
  number={2}, 
  pages={135--151}, 
  year={2002} 
}

@Inbook{ATLAS,
author="Whaley, R. Clint",
title="ATLAS (Automatically Tuned Linear Algebra Software)",
bookTitle="Encyclopedia of Parallel Computing",
year="2011",
publisher="Springer US",
address="Boston, MA",
pages="95--101",
isbn="978-0-387-09766-4",
doi="10.1007/978-0-387-09766-4_85",
url="https://doi.org/10.1007/978-0-387-09766-4_85"
}

@misc{intel,
  author = "IntelÂ® Math Kernel Library",
  title = "https://software.intel.com/mkl",
  year = 2019,
  address = "https://software.intel.com/mkl",
  urldate = "2019-12-25"
}

@misc{amd,
  author = "AMD - BLAS Library",
  title = "https://developer.amd.com/amd-aocl/blas-library/",
  year = 2019,
  address = "https://developer.amd.com/amd-aocl/blas-library/",
  urldate = "2019-12-25"
}

@article{baum1966,
author = "Baum, Leonard E. and Petrie, Ted",
doi = "10.1214/aoms/1177699147",
fjournal = "The Annals of Mathematical Statistics",
journal = "Ann. Math. Statist.",
month = "12",
number = "6",
pages = "1554--1563",
publisher = "The Institute of Mathematical Statistics",
title = "Statistical Inference for Probabilistic Functions of Finite State Markov Chains",
url = "https://doi.org/10.1214/aoms/1177699147",
volume = "37",
year = "1966"
}



@techreport{10.5555/869369,
author = {Rossum, Guido},
title = {Python Reference Manual},
year = {1995},
publisher = {CWI (Centre for Mathematics and Computer Science)},
address = {NLD}
}

@book{Bishop,
author = {Bishop, Christopher M.},
title = {Pattern Recognition and Machine Learning (Information Science and Statistics)},
year = {2006},
isbn = {0387310738},
publisher = {Springer-Verlag},
address = {Berlin, Heidelberg}
}


@misc{ctypesman,
  author = "ctypes Manual",
  title = "https://docs.python.org/3/library/ctypes.html",
  year = 2019,
  address = "https://docs.python.org/3/library/ctypes.html",
  urldate = "2019-12-25"
}



@misc{pythonman,
  author = "Python 3 Manual",
  title = "https://docs.python.org/3/reference/",
  year = 2019,
  address = "https://docs.python.org/3/reference/",
  urldate = "2019-12-25"
}